@Comment @article{,
@Comment author = "",
@Comment title = "",
@Comment journal = "",
@Comment volume = "",
@Comment number = "",
@Comment pages = "",
@Comment year = ,
@Comment }
