@INPROCEEDINGS{englsberger2011,
author={J. Englsberger and C. Ott and M. A. Roa and A. Albu-Sch√§ffer and G. Hirzinger},
booktitle={2011 IEEE/RSJ International Conference on Intelligent Robots and Systems},
title={Bipedal walking control based on Capture Point dynamics},
year={2011},
volume={},
number={},
pages={4420-4427},
keywords={legged locomotion;linear systems;path planning;pendulums;bipedal walking control;capture point dynamics;dynamical equations;linear inverted pendulum model;walking robot;CP tracking;CP end-of-step controller;Legged locomotion;Mathematical model;Stability analysis;Joints;Force;Aerodynamics},
doi={10.1109/IROS.2011.6094435},
ISSN={2153-0866},
month={Sept},
}