@INPROCEEDINGS{ott2011,
author={C. Ott and M. A. Roa and G. Hirzinger},
booktitle={2011 11th IEEE-RAS International Conference on Humanoid Robots},
title={Posture and balance control for biped robots based on contact force optimization},
year={2011},
volume={},
number={},
pages={26-33},
keywords={legged locomotion;optimisation;position control;balance control;posture control;biped robots;contact force optimization;unknown external perturbation;Force;Robot kinematics;Joints;Torque;Robot sensing systems;Legged locomotion},
doi={10.1109/Humanoids.2011.6100882},
ISSN={2164-0580},
month={Oct},
}