@INPROCEEDINGS{kajita2003,
author={S. Kajita and F. Kanehiro and K. Kaneko and K. Fujiwara and K. Harada and K. Yokoi and H. Hirukawa},
booktitle={Proceedings 2003 IEEE/RSJ International Conference on Intelligent Robots and Systems (IROS 2003) (Cat. No.03CH37453)},
title={Resolved momentum control: humanoid motion planning based on the linear and angular momentum},
year={2003},
volume={2},
number={},
pages={1644-1650 vol.2},
keywords={legged locomotion;angular momentum;linear momentum;path planning;spatial variables control;vectors;matrix algebra;humanoid motion planning;linear momentum;angular momentum;momentum control;linear equation;inertia matrix;base link speed;joint speeds;humanoid robot HRP-2;Motion control;Humanoid robots;Legged locomotion;Equations;Vectors;Joints;Testing;Centralized control;Technology planning;Industrial control},
doi={10.1109/IROS.2003.1248880},
ISSN={},
month={Oct},
}