@INPROCEEDINGS{kajita2010,
author={S. Kajita and M. Morisawa and K. Miura and S. Nakaoka and K. Harada and K. Kaneko and F. Kanehiro and K. Yokoi},
booktitle={2010 IEEE/RSJ International Conference on Intelligent Robots and Systems},
title={Biped walking stabilization based on linear inverted pendulum tracking},
year={2010},
volume={},
number={},
pages={4489-4496},
keywords={humanoid robots;legged locomotion;linear inverted pendulum tracking;biped walking stabilization;humanoid robot;body posture controller;Japanese female;Legged locomotion;Foot;Joints;Force;Torque;Force control},
doi={10.1109/IROS.2010.5651082},
ISSN={2153-0866},
month={Oct},
}