@INPROCEEDINGS{lee2010,
author={S. Lee and A. Goswami},
booktitle={2010 IEEE/RSJ International Conference on Intelligent Robots and Systems},
title={Ground reaction force control at each foot: A momentum-based humanoid balance controller for non-level and non-stationary ground},
year={2010},
volume={},
number={},
pages={3157-3162},
keywords={angular momentum;force control;humanoid robots;legged locomotion;linear momentum;torque control;ground reaction force control;momentum-based humanoid;balance controller;nonstationary ground;center of pressure;foot ground contact;humanoid robot;linear momentum;angular momentum;Foot;Joints;Humanoid robots;Friction;Acceleration;Trajectory;Humanoid robot balance;linear and angular momentum;non-level ground;centroidal momentum matrix},
doi={10.1109/IROS.2010.5650416},
ISSN={2153-0866},
month={Oct},
}