@article{,
author = "",
title = "",
journal = "",
volume = "",
number = "",
pages = "",
year = ,
}
