@ARTICLE{englsberger2015,
author={J. Englsberger and C. Ott and A. Albu-Sch√§ffer},
journal={IEEE Transactions on Robotics},
title={Three-Dimensional Bipedal Walking Control Based on Divergent Component of Motion},
year={2015},
volume={31},
number={2},
pages={355-368},
keywords={force control;legged locomotion;motion control;path planning;robust control;trajectory control;3D bipedal walking control;divergent component of motion;capture point;enhanced centroidal moment pivot point;eCMP;virtual repellent point;VRP;force direction;force magnitude;external force;gravitational force;robot;real-time planning;tracking control;DCM trajectory generator;continuous leg force profile;toe-off motion;double support;control robustness;Trajectory;Force;Legged locomotion;Dynamics;Planning;Foot;Bipedal robots;capture point;divergent component of motion;rough terrain;walking control;Bipedal robots;capture point;divergent component of motion;rough terrain;walking control},
doi={10.1109/TRO.2015.2405592},
ISSN={1552-3098},
month={April},
}
