@INPROCEEDINGS{orin2008,
author={D. E. Orin and A. Goswami},
booktitle={2008 IEEE/RSJ International Conference on Intelligent Robots and Systems},
title={Centroidal Momentum Matrix of a humanoid robot: Structure and properties},
year={2008},
volume={},
number={},
pages={653-659},
keywords={humanoid robots;Jacobian matrices;centroidal momentum matrix;humanoid robot;individual link momenta;Jacobian matrix;inertia matrix;Jacobian matrices;Joints;Robots;Robot kinematics;Matrices;Equations;Humanoid robots;momentum matrix;inertia matrix;angular momentum;linear momentum;matrix properties;centroidal momentum ellipsoid},
doi={10.1109/IROS.2008.4650772},
ISSN={2153-0858},
month={Sept},
}