@INPROCEEDINGS{englsberger2017,
author={J. Englsberger and G. Mesesan and C. Ott},
booktitle={2017 IEEE/RSJ International Conference on Intelligent Robots and Systems (IROS)},
title={Smooth trajectory generation and push-recovery based on Divergent Component of Motion},
year={2017},
volume={},
number={},
pages={4560-4567},
keywords={legged locomotion;observers;trajectory control;divergent component of motion;strong continuous perturbations;disturbance observer;DCM trajectory;analytical method;closed-form walking trajectory generator;push-recovery;smooth trajectory generation;Trajectory;Legged locomotion;Interpolation;Aerodynamics},
doi={10.1109/IROS.2017.8206324},
ISSN={2153-0866},
month={Sept},
}