@INPROCEEDINGS{mesesan2017,
author={G. Mesesan and J. Englsberger and B. Henze and C. Ott},
booktitle={2017 IEEE International Conference on Robotics and Automation (ICRA)},
title={Dynamic multi-contact transitions for humanoid robots using Divergent Component of Motion},
year={2017},
volume={},
number={},
pages={4108-4115},
keywords={end effectors;humanoid robots;manipulator dynamics;manipulator kinematics;motion control;path planning;trajectory control;dynamic multi-contact transitions;humanoid robots;motion planner;multi-contact stances;closed-form reference trajectories;robot center of mass position;robot velocity;divergent component of motion;DCM controller;end-effector trajectories;kinematic constraints;dynamic constraints;CoM trajectory tracking;TORO;Trajectory;Humanoid robots;Aerodynamics;Force;Planning},
doi={10.1109/ICRA.2017.7989473},
ISSN={},
month={May},
}