@INPROCEEDINGS{englsberger2013,
author={J. Englsberger and C. Ott and A. Albu-Sch√§ffer},
booktitle={2013 IEEE/RSJ International Conference on Intelligent Robots and Systems},
title={Three-dimensional bipedal walking control using Divergent Component of Motion},
year={2013},
volume={},
number={},
pages={2600-2607},
keywords={gait analysis;legged locomotion;path planning;three-dimensional bipedal walking control;divergent component-of-motion;capture point;enhanced centroidal moment pivot point;eCMP;virtual repellent point;VRP;external force direction;external force magnitude;total force;external forces;gravity;real-time DCM trajectory planning;real-time DCM trajectory control;underactuation problem;Dynamics;Force;Foot;Trajectory;Legged locomotion;Mathematical model},
doi={10.1109/IROS.2013.6696723},
ISSN={2153-0858},
month={Nov},
}