@INPROCEEDINGS{englsberger2014,
author={J. Englsberger and T. Koolen and S. Bertrand and J. Pratt and C. Ott and A. Albu-Sch√§ffer},
booktitle={2014 IEEE/RSJ International Conference on Intelligent Robots and Systems},
title={Trajectory generation for continuous leg forces during double support and heel-to-toe shift based on divergent component of motion},
year={2014},
volume={},
number={},
pages={4022-4029},
keywords={humanoid robots;trajectory generation;continuous leg forces;double support;heel-to-toe shift;divergent component of motion;real-time DCM trajectory generators;toe-off motion;real-world robots;TORO humanoid robot;Atlas robot;Trajectory;Legged locomotion;Foot;Polynomials;Force;Dynamics},
doi={10.1109/IROS.2014.6943128},
ISSN={2153-0858},
month={Sept},
}