@INPROCEEDINGS{griffin2018,
author={R. J. Griffin and G. Wiedebach and S. Bertrand and A. Leonessa and J. Pratt},
booktitle={2018 IEEE International Conference on Robotics and Automation (ICRA)},
title={Straight-Leg Walking Through Underconstrained Whole-Body Control},
year={2018},
volume={},
number={},
pages={1-5},
keywords={humanoid robots;legged locomotion;quadratic programming;reachability analysis;robot kinematics;straight-leg walking;whole-body control;natural gait;bipedal robots;straightened legs;complex height planning;whole-body controller;straightest possible leg configuration;run-time;controller solutions;leg joint angle objectives;null-space;quadratic program motion objectives;toe-off motion;kinematic reachability;Legged locomotion;Iterative closest point algorithm;Trajectory;Planning;Acceleration;Foot},
doi={10.1109/ICRA.2018.8460751},
ISSN={2577-087X},
month={May},
}