@article{hosokawa2018,
author = {Masahiro Hosokawa and Dragomir N. Nenchev and Takahide Hamano},
title = {The DCM generalized inverse: efficient body-wrench distribution in multi-contact balance control},
journal = {Advanced Robotics},
volume = {32},
number = {14},
pages = {778-792},
year  = {2018},
publisher = {Taylor & Francis},
doi = {10.1080/01691864.2018.1503095},
URL = {https://doi.org/10.1080/01691864.2018.1503095},
eprint = {https://doi.org/10.1080/01691864.2018.1503095}
}