@inproceedings{seyde2018,
author = {Seyde, Tim and Shrivastava, Apoorv and Englsberger, Johannes and Bertrand, Sylvain and Pratt, Jerry and Griffin, Robert},
year = {2018},
month = {05},
pages = {1791-1798},
title = {Inclusion of Angular Momentum During Planning for Capture Point Based Walking},
doi = {10.1109/ICRA.2018.8461140}
}