@INPROCEEDINGS{englsberger2012,
author={J. Englsberger and C. Ott},
booktitle={2012 12th IEEE-RAS International Conference on Humanoid Robots (Humanoids 2012)},
title={Integration of vertical COM motion and angular momentum in an extended Capture Point tracking controller for bipedal walking},
year={2012},
volume={},
number={},
pages={183-189},
keywords={closed loop systems;legged locomotion;motion control;nonlinear control systems;trajectory control;ZMP projection method;OpenHRP3;bipedal walking robot;closed-loop dynamics;multibody effect;measurement-based compensation;general multibody system;vertical CoM motion;CP tracking controller;LIP;linear inverted pendulum;CP reference trajectory;capture point tracking controller;angular momentum;vertical COM motion;Legged locomotion;Trajectory;Foot;Dynamics;Mathematical model;Acceleration},
doi={10.1109/HUMANOIDS.2012.6651518},
ISSN={2164-0572},
month={Nov},
}