@INPROCEEDINGS{nakaoka2012,
author={S. Nakaoka},
booktitle={2012 IEEE/SICE International Symposium on System Integration (SII)},
title={Choreonoid: Extensible virtual robot environment built on an integrated GUI framework},
year={2012},
volume={},
number={},
pages={79-85},
keywords={graphical user interfaces;robots;software tools;extensible virtual robot environment;integrated GUI framework;software tools;graphical user interface;robot simulators;target robot system;GUI tools;Choreonoid framework;Graphical user interfaces;Data visualization;Libraries;Robot kinematics;Servers;Computational modeling},
doi={10.1109/SII.2012.6427350},
ISSN={},
month={Dec},
}