@INPROCEEDINGS{wiedebach2016,
author={G. Wiedebach and S. Bertrand and T. Wu and L. Fiorio and S. McCrory and R. Griffin and F. Nori and J. Pratt},
booktitle={2016 IEEE-RAS 16th International Conference on Humanoid Robots (Humanoids)},
title={Walking on partial footholds including line contacts with the humanoid robot atlas},
year={2016},
volume={},
number={},
pages={1312-1319},
keywords={gait analysis;humanoid robots;mobile robots;partial footholds;line contacts;humanoid robot walking;stepping stones;stepping performance;contact edges;pressure location center;body momentum-based control algorithm;dynamic stepping;upper body angular momentum;Atlas humanoid design;Boston dynamics;Foot;Legged locomotion;Force;Humanoid robots;Acceleration;Rocks},
doi={10.1109/HUMANOIDS.2016.7803439},
ISSN={2164-0580},
month={Nov},
}