@ARTICLE{hyon2007,
author={S. Hyon and J. G. Hale and G. Cheng},
journal={IEEE Transactions on Robotics},
title={Full-Body Compliant Human–Humanoid Interaction: Balancing in the Presence of Unknown External Forces},
year={2007},
volume={23},
number={5},
pages={884-898},
keywords={force control;humanoid robots;legged locomotion;position control;robot dynamics;robot kinematics;biped robot;compliant balance;bipedal humanoid platform;position-based control;force control;humanoid robots;full-body compliant human-humanoid interaction;Humanoid robots;Human robot interaction;Force control;Velocity control;Telecommunication computing;Gravity;Kinematics;Process control;Damping;Orbital robotics;Balance;biped robot;compliance;force control;full-body motion control;human–humanoid interaction;passivity;redundancy},
doi={10.1109/TRO.2007.904896},
ISSN={1552-3098},
month={Oct},
}